@misc{lctifa,
    author       = {Tifa},
    title        = {Tifa's lecture & slice about basic concept of graph theory and Kirchhoff matrix tree theorem},
    year         = {2022},
    publisher    = {GitHub},
    journal      = {GitHub Repository},
    howpublished = {\url{https://github.com/Tiphereth-A/CPL-gtbasic-kir}}
}
