@book{book:intrographtheory,
    author    = {Robin J. Wilson},
    publisher = {Pearson Education Limited},
    title     = {Introduction to Graph Theory (5th ed.)},
    year      = {2010}
}

@misc{oiwiki:graphtheoryconcept,
    author    = {OI Wiki Team},
    title     = {图论相关概念 --- {OI Wiki}},
    year      = {2016},
    publisher = {GitHub},
    url       = {https://github.com/OI-wiki/OI-wiki/blob/6e776cb44b971b8e4704038aad9afa68ca46c536/docs/graph/concept.md},
    note      = {[Online; accessed 8-Augest-2022]}
}

@misc{oiwiki:mtt,
    author    = {OI Wiki Team},
    title     = {矩阵树定理 --- {OI Wiki}},
    year      = {2016},
    publisher = {GitHub},
    url       = {https://github.com/OI-wiki/OI-wiki/blob/349561733975b2dece40e8d06062d4523871f49f/docs/graph/matrix-tree.md},
    note      = {[Online; accessed 15-July-2022]}
}

@misc{williamson_2019,
    title  = {ORIE 6334 Bridging Continuous and Discrete Optimization Lecture 8},
    author = {David P. Williamson},
    year   = {2019},
    url    = {https://people.orie.cornell.edu/dpw/orie6334/lecture8.pdf}
} 


@misc{mathworld:adjacencymatrix,
    author    = {Sauras-Altuzarra, Lorenzo and Weisstein, Eric W.},
    title     = {``{Adjacency Matrix}'' From {MathWorld} --- A Wolfram Web Resource},
    year      = {2022},
    publisher = {MathWorld--A Wolfram Web Resource},
    url       = {https://mathworld.wolfram.com/AdjacencyMatrix.html}
}

@misc{mathworld:incidencematrix,
    author    = {Weisstein, Eric W.},
    title     = {``{Incidence Matrix}'' From {MathWorld} --- A Wolfram Web Resource},
    year      = {2022},
    publisher = {MathWorld--A Wolfram Web Resource},
    url       = {https://mathworld.wolfram.com/IncidenceMatrix.html}
}

@misc{mathworld:tridiagonalmatrix,
    author    = {Weisstein, Eric W.},
    title     = {``{Tridiagonal Matrix}'' From {MathWorld} --- A Wolfram Web Resource},
    year      = {2022},
    publisher = {MathWorld--A Wolfram Web Resource},
    url       = {https://mathworld.wolfram.com/TridiagonalMatrix.html}
}

@misc{enwiki:1116494083,
    author = {{Wikipedia contributors}},
    title  = {Algebraic connectivity --- {Wikipedia}{,} The Free Encyclopedia},
    year   = {2022},
    url    = {https://en.wikipedia.org/w/index.php?title=Algebraic_connectivity&oldid=1116494083},
    note   = {[Online; accessed 16-October-2022]}
}

@misc{enwiki:1098519075,
    author = {{Wikipedia contributors}},
    title  = {Laplace expansion --- {Wikipedia}{,} The Free Encyclopedia},
    year   = {2022},
    url    = {https://en.wikipedia.org/w/index.php?title=Laplace_expansion&oldid=1098519075},
    note   = {[Online; accessed 16-July-2022]}
}
